@book{cohen,
	author = {cohen-Tannoudji},
	title = {{Q}uantum {M}echanics},
%	publisher = {{J}ohn {W}iley \& sons, inc.},
%	year = {1998},
	language = {english},
%	edition = {\nth{3}},% third
%	location = {},
	hypenation = {english}
}